@book{teton2003,
  title={Gu{\'\i}a t{\'e}cnica de la acuariofilia},
  author={Teton, J.},
  isbn={9788489840249},
  series={Gu{\'\i}as t{\'e}cnicas},
  url={https://books.google.com.ar/books?id=6vrjovWkQicC},
  year={2003},
  publisher={Tursen S.A. - H. Blume}
}

@MISC{repo_planificacion,
	author =	{{Mariano Mondani}},
	title =	{Planificación del proyecto Smart Plug en github},
	url =	{https://github.com/mmondani/SmartPlug/tree/master/Documentacion_proyecto/Planificaci%C3%B3n},
	note =	{Disponible: 2016-10-22}
}
 
@MISC{repo_hardware,
	author =	{{Mariano Mondani}},
	title =	{Documentación del hardware del Smart Plug en github},
	url =	{https://github.com/mmondani/SmartPlug/tree/master/Documentacion_proyecto/Hardware},
	note =	{Disponible: 2016-10-22}
}

@MISC{repo_firmware,
	author =	{{Mariano Mondani}},
	title =	{Firmware del Smart Plug},
	url =	{https://github.com/mmondani/SmartPlug/tree/master/LPCXpresso/Firmware},
	note =	{Disponible: 2016-10-22}
}

@MISC{datasheet_CS5490,
	author =	{{Cirrus Logic}},
	title =	{Hoja de datos del front-end analógico CS5490. Marzo 2013.},
	url =	{https://www.cirrus.com/jp/pubs/proDatasheet/CS5490_F3.pdf},
	note =	{Disponible: 2016-10-22}
}

@MISC{repo_ridolfi_freeosek,
	author =	{{Pablo Ridolfi}},
	title =	{Repositorio de la implementación de FreeOSEK para LPC1769.},
	url =	{https://github.com/ciaa/FreeOSEK_LPC1769},
	note =	{Disponible: 2016-10-22}
}

@book{schreiner1993,
  title={Object-Oriented Programming With ANSI-C},
  author={Schreiner, Axel Tobias},
  url={https://www.cs.rit.edu/~ats/books/ooc.pdf},
  year={1993}
}

@book{an_microchip_malloc,
  title={AN914 - Dynamic Memory Allocation for the MPLAB® C18 C Compiler.},
  author={Fosler, Ross M.},
  url={http://ww1.microchip.com/downloads/en/AppNotes/00914a.pdf},
  year={2004}
}



@article{OSI,
author={H. Zimmermann},
journal={IEEE Transactions on Communications},
title={OSI Reference Model - The ISO Model of Architecture for Open Systems Interconnection},
year={1980},
volume={28},
number={4},
pages={425-432},
keywords={Computer communications;Standards;Computer aided manufacturing;Computer architecture;Computer networks;Constitution;ISO standards;Open systems;Protocols;Standardization;Standards development;Standards organizations},
doi={10.1109/TCOM.1980.1094702},
ISSN={0090-6778},
month={4}
}
